<?xml version="1.0" encoding="UTF-8"?><collection xmlns="http://www.loc.gov/MARC21/slim"><record><leader>00556nam--2200181-i-4500</leader><controlfield tag="001">000023261</controlfield><controlfield tag="002">20161230</controlfield><controlfield tag="005">20161230201034</controlfield><controlfield tag="008">060222s1000------------r-----000-0-eng-d</controlfield><datafield ind1=" " ind2=" " tag="040"><subfield code="a">IFIN-HH</subfield></datafield><datafield ind1=" " ind2=" " tag="080"><subfield code="a">539.13:537.591</subfield></datafield><datafield ind1="1" ind2=" " tag="100"><subfield code="a">Greisen, Kenneth</subfield></datafield><datafield ind1="1" ind2="0" tag="245"><subfield code="a">The physics of cosmic x-ray, gamma-ray, and particle sources</subfield><subfield code="c">Kenneth greisen</subfield></datafield><datafield ind1=" " ind2=" " tag="260"><subfield code="a">New York</subfield><subfield code="b">Gordon And Breach Science Publishers</subfield><subfield code="c">1971</subfield></datafield><datafield ind1=" " ind2=" " tag="300"><subfield code="a">115P</subfield></datafield><datafield ind1=" " ind2=" " tag="490"><subfield code="a">Topics In Astrophysics And Space Physics</subfield><subfield code="v">Volume 8</subfield></datafield><datafield ind1=" " ind2=" " tag="852"><subfield code="a">37826</subfield><subfield code="c">539.13</subfield></datafield><datafield ind1=" " ind2=" " tag="CAT"><subfield code="a">Sys</subfield><subfield code="c">20120227</subfield><subfield code="h">121943</subfield></datafield></record></collection>